@article{anguelov2010google,
	title={Google street view: Capturing the world at street level},
	author={Anguelov, Dragomir and Dulong, Carole and Filip, Daniel and Frueh, Christian and Lafon, St{\'e}phane and Lyon, Richard and Ogale, Abhijit and Vincent, Luc and Weaver, Josh},
	journal={Computer},
	volume={43},
	number={6},
	pages={32--38},
	year={2010},
	publisher={IEEE}
}

@article{olea2013assessing,
	title={Assessing species habitat using Google Street View: a case study of cliff-nesting vultures},
	author={Olea, Pedro P and Mateo-Tom{\'a}s, Patricia},
	journal={PloS one},
	volume={8},
	number={1},
	pages={e54582},
	year={2013},
	publisher={Public Library of Science}
}

@article{hardion2016species,
	title={Species Distribution 2.0: An Accurate Time-and Cost-Effective Method of Prospection Using Street View Imagery},
	author={Hardion, Laurent and Leriche, Agathe and Schwoertzig, Eug{\'e}nie and Millon, Alexandre},
	journal={PloS one},
	volume={11},
	number={1},
	pages={e0146899},
	year={2016},
	publisher={Public Library of Science}
}

@article{clarke2010using,
	title={Using Google Earth to conduct a neighborhood audit: reliability of a virtual audit instrument},
	author={Clarke, Philippa and Ailshire, Jennifer and Melendez, Robert and Bader, Michael and Morenoff, Jeffrey},
	journal={Health \& place},
	volume={16},
	number={6},
	pages={1224--1229},
	year={2010},
	publisher={Elsevier}
}
@article{rundle_2011_using,
	title={Using {Google} Street View to audit neighborhood environments},
	author={Rundle, Andrew G and Bader, Michael DM and Richards, Catherine A and Neckerman, Kathryn M and Teitler, Julien O},
	journal={Am. J. Prev. Med.},
	volume={40},
	number={1},
	pages={94--100},
	year={2011}
}
@article{kelly2013using,
	title={Using Google Street View to audit the built environment: inter-rater reliability results},
	author={Kelly, Cheryl M and Wilson, Jeffrey S and Baker, Elizabeth A and Miller, Douglas K and Schootman, Mario},
	journal={Annals of Behavioral Medicine},
	volume={45},
	number={1},
	pages={108--112},
	year={2013},
	publisher={Springer}
}

@article{doersch2015makes,
	title={What makes {Paris} look like {Paris}?},
	author={Doersch, Carl and Singh, Saurabh and Gupta, Abhinav and Sivic, Josef and Efros, Alexei A},
	journal={Commun. ACM},
	volume={58},
	number={12},
	pages={103--110},
	year={2015},
	publisher={ACM}
}
@article{gebru2017using,
	title={Using Deep Learning and {Google} Street View to Estimate the Demographic Makeup of the {US}},
	author={Gebru, Timnit and Krause, Jonathan and Wang, Yilun and Chen, Duyun and Deng, Jia and Aiden, Erez Lieberman and Li, Fei-Fei},
	journal={arXiv preprint arXiv:1702.06683},
	year={2017}
}
@inproceedings{inselberg1990parallel,
	title={Parallel coordinates: a tool for visualizing multi-dimensional geometry},
	author={Inselberg, Alfred and Dimsdale, Bernard},
	booktitle={Proceedings of the 1st conference on Visualization'90},
	pages={361--378},
	year={1990},
	organization={IEEE Computer Society Press}
}
@inproceedings{fua1999hierarchical,
	title={Hierarchical parallel coordinates for exploration of large datasets},
	author={Fua, Ying-Huey and Ward, Matthew O and Rundensteiner, Elke A},
	booktitle={Proc. IEEE Conf. Vis.},
	pages={43--50},
	year={1999}
}

@inproceedings{zhou2008visual,
	title={Visual clustering in parallel coordinates},
	author={Zhou, Hong and Yuan, Xiaoru and Qu, Huamin and Cui, Weiwei and Chen, Baoquan},
	booktitle={Comput. Graph. Forum},
	volume={27},
	number={3},
	pages={1047--1054},
	year={2008}
}
@article{carr1987scatterplot,
	title={Scatterplot matrix techniques for large N},
	author={Carr, Daniel B and Littlefield, Richard J and Nicholson, WL and Littlefield, JS},
	journal={J. the American Statistical Association},
	volume={82},
	number={398},
	pages={424--436},
	year={1987},
	publisher={Taylor \& Francis Group}
}
@article{long_2016_human-scale,
   author = {Long, Ying and Ye, Yu},
   title = {Human-Scale Urban Form: Measurements, Performances, and Urban Planning \& Design Interventions},
   journal = {South Architecture},
   volume = {36},
   number = {5},
   pages = {39 - 45},
   ISSN = {1000-0232},
   DOI = {10.3969/j.issn.1000-0232.2016.05.000},
   year = {2016},
   type = {Journal Article}
}

@book{gehl_1971_life,
   author = {Gehl, Jan},
   title = {Life between Buildings: Using Public Space},
   publisher = {Van Nostrand Reinhold},
   year = {1971},
   type = {Book}
}

@article{li_2015_accessing,
   author = {Li, Xiaojiang and Zhang, Chuanrong and Li, Weidong and Ricard, Robert and Meng, Qingyan and Zhang, Weixing},
   title = {Assessing street-level urban greenery using {Google} Street View and a modified green view index},
   journal = {Urban For. Urban Gree.},
   volume = {14},
   number = {3},
   pages = {675-685},
   ISSN = {1618-8667},
   DOI = {http://dx.doi.org/10.1016/j.ufug.2015.06.006},
   url = {http://www.sciencedirect.com/science/article/pii/S1618866715000874},
   year = {2015},
   type = {Journal Article}
}

@inproceedings{Naik_2014_streetscore,
   author = {Naik, Nikhil and Philipoom, Jade and Raskar, Ramesh and Hidalgo, Cear},
   title = {Streetscore -- Predicting the Perceived Safety of One Million Streetscapes},
   year = {2014},
   booktitle = {Proc. IEEE Conf. Comput. Vision and Pattern Recognition Workshops},
   pages = {793-799},
   DOI = {10.1109/cvprw.2014.121},
   type = {Conference Proceedings}
}

@inproceedings{heinrich_2012_state,
   author = {Heinrich, Julian and Weiskopf, Daniel},
   title = {State of the Art of Parallel Coordinates},
   year = {2013},
   booktitle = {Eurographics - State of The Art Report},
   pages = {95 - 116},
   type = {Conference Proceedings}
}

@book{jacobs_1961_life,
   author = {Jacobs, Jane},
   title = {The Life and Death of Great American Cities},
   publisher = {Random House},
   address = {New York},
   year = {1961},
   type = {Book}
}

@book{lynch_1981_good,
   author = {Lynch, Kevin A.},
   title = {Good City Form},
   publisher = {MIT Press},
   year = {1981},
   type = {Book}
}

@article{Badrinarayanan_2015_segnet,
   author = {Badrinarayanan, Vijay and Kendall, Alex and Cipolla, Roberto},
   title = {{SegNet}: {A} Deep Convolutional Encoder-Decoder Architecture for Image Segmentation},
   journal = {arXiv preprint},
   volume = {abs/1511.00561},
   url = {http://arxiv.org/abs/1511.00561},
   year = {2015},
   type = {Journal Article}
}

@article{ortner_2016_vis-a-ware,
   author = {Ortner, T. and Sorger, J. and Steinlechner, H. and Hesina, G. and Piringer, H. and Groeller, E.},
   title = {{Vis-A-Ware}: Integrating Spatial and Non-Spatial Visualization for Visibility-Aware Urban Planning},
   journal = {IEEE Trans. Vis. Comput. Graph.},
   volume = {23},
   number = {2},
   pages = {1139 - 1151},
   ISSN = {1077-2626},
   DOI = {10.1109/TVCG.2016.2520920},
   year = {2016},
   type = {Journal Article}
}

@article{arietta_2014_city,
   author = {Arietta, Sean M. and Efros, Alexei A. and Ramamoorthi, Ravi and Agrawala, Maneesh},
   title = {{City Forensics}: Using Visual Elements to Predict Non-Visual City},
   journal = {IEEE Trans. Vis. Comput. Graph.},
   volume = {20},
   number = {12},
   pages = {2624 - 2633},
   year = {2014},
   type = {Journal Article}
}

@article{qu_2007_visual,
   author = {Qu, Huamin and Chan, Wing-Yi and Xu, Anbang and Chung, Kai-Lun and Lau, Kai-Hon and Guo, Ping},
   title = {Visual Analysis of the Air Pollution Problem in {Hong Kong}},
   journal = {IEEE Trans. Vis. Comput. Graph.},
   volume = {13},
   number = {6},
   pages = {1408-1415},
   ISSN = {1077-2626},
   DOI = {10.1109/TVCG.2007.70523},
   year = {2007},
   type = {Journal Article}
}

@article{zhang_2014_visual,
   author = {Zhang, Jiawan and E, Yanli and Ma, Jing and Zhao, Yahui and Xu, Binghan and Sun, Liting and Chen, Jinyan and Yuan, Xiaoru},
   title = {Visual Analysis of Public Utility Service Problems in a Metropolis},
   journal = {IEEE Trans. Vis. Comput. Graph.},
   volume = {20},
   number = {12},
   pages = {1843-1852},
   DOI = {10.1109/TVCG.2014.2346898},
   year = {2014},
   type = {Journal Article}
}

@article{zheng_2016_visual,
   author = {Zheng, Y. and Wu, W. and Chen, Y. and Qu, H. and Ni, L. M.},
   title = {Visual Analytics in Urban Computing: An Overview},
   journal = {IEEE Trans. Big Data},
   volume = {2},
   number = {3},
   pages = {276-296},
   DOI = {10.1109/TBDATA.2016.2586447},
   year = {2016},
   type = {Journal Article}
}

@inproceedings{shneiderman1996eyes,
	title={The eyes have it: A task by data type taxonomy for information visualizations},
	author={Shneiderman, Ben},
	booktitle={Proc. IEEE Symp. Visual Languages},
	pages={336--343},
	year={1996}
}

@misc{gsv_api,
   author={Google},
   title={{Street View Image API}},
   note = {Accessed: 2017-03-20},
   howpublished={https://developers.google.com/maps/documentation/streetview/},
   type = {Web Page}
}

@misc{osm_api,
   author={OpenStreetMap},
   title={{OSM Wiki}},
   note = {Accessed: 2017-03-20},
   howpublished={http://wiki.openstreetmap.org/wiki/Main\_Page},
   type = {Web Page}
}

@article{elmqvist2008rolling,
	title={Rolling the dice: Multidimensional visual exploration using scatterplot matrix navigation},
	author={Elmqvist, Niklas and Dragicevic, Pierre and Fekete, Jean-Daniel},
	journal={IEEE Trans. Vis. Comput. Graph.},
	volume={14},
	number={6},
	pages={1539--1148},
	year={2008},
	publisher={IEEE}
}
@article{zhao_2012_structure,
   author = {Zhao, Xin and Kaufman, Arie},
   title = {Structure revealing techniques based on parallel coordinates plot},
   journal = {Vis. Comput.},
   volume = {28},
   number = {6},
   pages = {541-551},
   ISSN = {1432-2315},
   DOI = {10.1007/s00371-012-0713-0},
   url = {http://dx.doi.org/10.1007/s00371-012-0713-0},
   year = {2012},
   type = {Journal Article}
}

@article{gleicher_2011_visual,
   author = {Gleicher, Michael and Albers, Danielle and Walker, Rick and Jusufi, Ilir and Hansen, Charles D. and Roberts, Jonathan C.},
   title = {Visual comparison for information visualization},
   journal = {Inf. Vis.},
   volume = {10},
   number = {4},
   pages = {289-309},
   ISSN = {1473-8716},
   DOI = {10.1177/1473871611416549},
   year = {2011},
   type = {Journal Article}
}

@article{yang_2017_blockwise,
   author = {Yang, X. and Shi, L. and Daianu, M. and Tong, H. and Liu, Q. and Thompson, P.},
   title = {Blockwise Human Brain Network Visual Comparison Using NodeTrix Representation},
   journal = {IEEE Trans. Vis. Comput. Graph.},
   volume = {23},
   number = {1},
   pages = {181 - 190},
   ISSN = {1077-2626},
   DOI = {10.1109/TVCG.2016.2598472},
   year = {2017},
   type = {Journal Article}
}

@article{zeng_2017_visualizing,
   author = {Zeng, Wei and Fu, Chi-Wing and M\"{u}ller Arisona, Stefan and Schubiger, Simon and Burkhard, Remo and Ma, Kwan-Liu},
   title = {Visualizing the Relationship between Human Mobility and Points-of-Interest},
   journal = {IEEE Trans. Intell. Transp. Syst.},
   year = {2017},
   type = {Journal Article}

}

@article{mcgill1978variations,
	title={Variations of box plots},
	author={McGill, Robert and Tukey, John W and Larsen, Wayne A},
	journal={Am. Stat.},
	volume={32},
	number={1},
	pages={12--16},
	year={1978},
	publisher={Taylor \& Francis Group}
}

@article{scheepens_2011_composite,
   author = {Scheepens, Roeland and Willems, Niels and van de Wetering, Huub and Andrienko, Gennady and Andrienko, Natalia and van Wijk, Jarke J.},
   title = {Composite Density Maps for Multivariate Trajectories},
   journal = {IEEE Trans. Vis. Comput. Graph.},
   volume = {17},
   number = {12},
   pages = {2518-2527},
   ISSN = {1077-2626},
   DOI = {10.1109/TVCG.2011.181},
   url = {http://www.computer.org/csdl/trans/tg/2011/12/ttg2011122518-abs.html},
   year = {2011},
   type = {Journal Article}
}

@article{javed_2010_graphical,
   author = {Javed, Waqas and McDonnel, Bryan and Elmqvist, Niklas},
   title = {Graphical Perception of Multiple Time Series},
   journal = {IEEE Trans. Vis. Comput. Graph.},
   volume = {16},
   number = {6},
   pages = {927 - 934},
   ISSN = {1077-2626},
   DOI = {10.1109/TVCG.2010.162},
   year = {2010},
   type = {Journal Article}
}

@article{comaniciu_2002_meanshift,
   author = {Comaniciu, Dorin and Meer, Peter},
   title = {Mean Shift: A Robust Approach Toward Feature Space Analysis},
   journal = {IEEE Trans. Pattern Anal. Mach. Intell.},
   volume = {24},
   number = {5},
   pages = {603-619},
   ISSN = {0162-8828},
   DOI = {10.1109/34.1000236},
   year = {2002},
   type = {Journal Article}
}

@article{sun_2013_survey,
   author = {Sun, Guodao and Wu, Yingcai and Liang, Ronghua and Liu, Shixia},
   title = {A Survey of Visual Analytics Techniques and Applications: State-of-the-Art Research and Future Challenges},
   journal = {J. Comput. Sci. Technol.},
   volume = {28},
   number = {5},
   pages = {852-867},
   ISSN = {1000-9000},
   DOI = {10.1007/s11390-013-1383-8},
   year = {2013},
   type = {Journal Article}
}

@article{holten_2010_evaluation,
   author = {Holten, Danny and van Wijk, Jarke J.},
   title = {Evaluation of Cluster Identification Performance for Different {PCP} Variants},
   journal = {Comput. Graph. Forum},
   volume = {29},
   number = {3},
   pages = {793-802},
   ISSN = {1467-8659},
   DOI = {10.1111/j.1467-8659.2009.01666.x},
   year = {2010},
   type = {Journal Article}
}

@article{wu_2015_telcovis,
   author = {Wu, Wenchao and Xu, Jiayi and Zeng, Haipeng and Zheng, Yixian and Qu, Huamin and Ni, Bing and Yuan, Mingxuan and Ni, Lionel M.},
   title = {{TelCoVis}: Visual Exploration of Co-occurrence in Urban Human Mobility Based on Telco Data},
   journal = {IEEE Trans. Vis. Comput. Graph.},
   volume = {22},
   number = {1},
   pages = {935 - 944},
   DOI = {10.1109/TVCG.2015.2467194},
   year = {2016},
   type = {Journal Article}
}

@article{ferreira_visual_2013,
   author = {Ferreira, Nivan and Poco, Jorge and Vo, Huy T. and Freire, Juliana and Silva, Cláudio T.},
   title = {Visual exploration of big spatio-temporal urban data: A study of {New York} city taxi trips},
   journal = {IEEE Trans. Vis. Comput. Graph.},
   volume = {19},
   number = {12},
   pages = {2149-2158},
   DOI = {10.1109/TVCG.2013.226},
   year = {2013},
   type = {Journal Article}
}

@article{wang_2013_visual,
   author = {Wang, Zuchao and Lu, Min and Yuan, Xiaoru and Zhang, Junping and van de Wetering, Huub},
   title = {Visual traffic jam analysis based on trajectory data},
   journal = {IEEE Trans. Vis. Comput. Graph.},
   volume = {19},
   number = {12},
   pages = {2159-2168},
   DOI = {10.1109/TVCG.2013.228},
   year = {2013},
   type = {Journal Article}
}

@article{xu_2013_visual,
   author = {Xu, Panpan and Wu, Yingcai and Wei, Enxun and Peng, Tai-Quan and Liu, Shixia and Zhu, Jonathan J. H. and Qu, Huamin},
   title = {Visual analysis of topic competition on social media},
   journal = {IEEE Trans. Vis. Comput. Graph.},
   volume = {19},
   number = {12},
   pages = {2012-2021},
   ISSN = {1077-2626},
   DOI = {10.1109/TVCG.2013.221},
   year = {2013},
   type = {Journal Article}
}

@article{chen_2015_interactive,
   author = {Chen, Siming and Yuan, Xiaoru and Wang, Zhenhuang and Guo, Cong and Liang, Jie and Wang, Zuchao and Zhang, Xiaolong and Zhang, Jiawan},
   title = {Interactive Visual Discovering of Movement Patterns from Sparsely Sampled Geo-tagged Social Media Data},
   journal = {IEEE Trans. Vis. Comput. Graph.},
   volume = {22},
   number = {1},
   pages = {270 - 279},
   DOI = {10.1109/TVCG.2015.2467619},
   year = {2016},
   type = {Journal Article}
}

@article{ferreira_2011_birdvis,
   author = {Ferreira, Nivan and Lins, Lauro and Fink, Daniel and Kelling, Steve and Wood, Chris and Freire, Juliana and Silva, Cláudio T.},
   title = {{BirdVis}: Visualizing and Understanding Bird Populations},
   journal = {IEEE Trans. Vis. Comput. Graph.},
   volume = {17},
   number = {12},
   pages = {2374-2383},
   ISSN = {1077-2626},
   DOI = {10.1109/TVCG.2011.176},
   year = {2011},
   type = {Journal Article}
}

@article{jiang_2014_dose,
   author = {Jiang, Bin and Chang, Chun-Yen and Sullivan, William C.},
   title = {A dose of nature: Tree cover, stress reduction, and gender differences},
   journal = {Landsc. Urban Plan.},
   volume = {132},
   pages = {26-36},
   ISSN = {0169-2046},
   DOI = {http://dx.doi.org/10.1016/j.landurbplan.2014.08.005},
   url = {http://www.sciencedirect.com/science/article/pii/S0169204614001832},
   year = {2014},
   type = {Journal Article}
}

@article{shneiderman_1992_tree,
   author = {Shneiderman, Ben},
   title = {Tree visualization with {Tree-maps}: 2-d space-filling approach},
   journal = {ACM Trans. Graph.},
   volume = {11},
   number = {1},
   pages = {92-99},
   ISSN = {0730-0301},
   DOI = {10.1145/102377.115768},
   year = {1992},
   type = {Journal Article}
}

@article{havre_2002_themeriver,
   author = {Havre, Susan and Hetzler, Elizabeth and Whitney, Paul and Nowell, Lucy},
   title = {{ThemeRiver}: Visualizing Thematic Changes in Large Document Collections},
   journal = {IEEE Trans. Vis. Comput. Graph.},
   volume = {8},
   number = {1},
   pages = {9-20},
   ISSN = {1077-2626},
   DOI = {10.1109/2945.981848},
   year = {2002},
   type = {Journal Article}
}

@article{lins_2013_nanocubes,
   author = {Lins, L. and Klosowski, J. T. and Scheidegger, C.},
   title = {Nanocubes for Real-Time Exploration of Spatiotemporal Datasets},
   journal = {IEEE Trans. Vis. Comput. Graph.},
   volume = {19},
   number = {12},
   pages = {2456-2465},
   ISSN = {1077-2626},
   DOI = {10.1109/TVCG.2013.179},
   year = {2013},
   type = {Journal Article}
}

@article{wang_2017_gaussian,
   author = {Wang, Z. and Ferreira, N. and Wei, Y. and Bhaskar, A. S. and Scheidegger, C.},
   title = {Gaussian Cubes: Real-Time Modeling for Visual Exploration of Large Multidimensional Datasets},
   journal = {IEEE Trans. Vis. Comput. Graph.},
   volume = {23},
   number = {1},
   pages = {671 - 680},
   ISSN = {1077-2626},
   DOI = {10.1109/TVCG.2016.2598694},
   year = {2017},
   type = {Journal Article}
}

@article{turkay_2014_attribute,
   author = {Turkay, Cagatay and Slingsby, Aidan and Hauser, Helwig and Wood, Jo and Dykes, Jason},
   title = {Attribute Signatures: Dynamic Visual Summaries for Analyzing Multivariate Geographical Data},
   journal = {IEEE Trans. Vis. Comput. Graph.},
   volume = {20},
   number = {12},
   pages = {2033-2042},
   ISSN = {1077-2626},
   DOI = {10.1109/TVCG.2014.2346265},
   year = {2014},
   type = {Journal Article}
}

@article{vanegas_2009_visualization,
   author = {Vanegas, C. A. and Aliaga, D. G. and Benes, B. and Waddell, P.},
   title = {Visualization of Simulated Urban Spaces: Inferring Parameterized Generation of Streets, Parcels, and Aerial Imagery},
   journal = {IEEE Trans. Vis. Comput. Graph.},
   volume = {15},
   number = {3},
   pages = {424-435},
   ISSN = {1077-2626},
   DOI = {10.1109/TVCG.2008.193},
   year = {2009},
   type = {Journal Article}
}

@article{goodwin_2016_visualizing,
   author = {Goodwin, S. and Dykes, J. and Slingsby, A. and Turkay, C.},
   title = {Visualizing Multiple Variables Across Scale and Geography},
   journal = {IEEE Trans. Vis. Comput. Graph.},
   volume = {22},
   number = {1},
   pages = {599-608},
   ISSN = {1077-2626},
   DOI = {10.1109/TVCG.2015.2467199},
   year = {2016},
   type = {Journal Article}
}

@article{liu_2017_smartAdP,
   author = {Liu, D. and Weng, D. and Li, Y. and Bao, J. and Zheng, Y. and Qu, H. and Wu, Y.},
   title = {{SmartAdP}: Visual Analytics of Large-scale Taxi Trajectories for Selecting Billboard Locations},
   journal = {IEEE Trans. Vis. Comput. Graph.},
   volume = {23},
   number = {1},
   pages = {1-10},
   ISSN = {1077-2626},
   DOI = {10.1109/TVCG.2016.2598432},
   year = {2017},
   type = {Journal Article}
}

@article{ellis_2007_taxonomy,
   author = {Ellis, G. and Dix, A.},
   title = {A Taxonomy of Clutter Reduction for Information Visualisation},
   journal = {IEEE Trans. Vis. Comput. Graph.},
   volume = {13},
   number = {6},
   pages = {1216-1223},
   ISSN = {1077-2626},
   DOI = {10.1109/TVCG.2007.70535},
   year = {2007},
   type = {Journal Article}
}

@article{byron_2008_stacked,
   author = {Byron, Lee and Wattenberg, Martin},
   title = {Stacked Graphs -- Geometry {\&} Aesthetics},
   journal = {IEEE Trans. Vis. Comput. Graph.},
   volume = {14},
   number = {6},
   pages = {1245 - 1252},
   ISSN = {1077-2626},
   DOI = {10.1109/TVCG.2008.166},
   year = {2008},
   type = {Journal Article}
}

@article{scikit-learn,
 title={Scikit-learn: Machine Learning in {P}ython},
 author={Pedregosa, F. and Varoquaux, G. and Gramfort, A. and Michel, V.
         and Thirion, B. and Grisel, O. and Blondel, M. and Prettenhofer, P.
         and Weiss, R. and Dubourg, V. and Vanderplas, J. and Passos, A. and
         Cournapeau, D. and Brucher, M. and Perrot, M. and Duchesnay, E.},
 journal={J. Mach. Learn. Res.},
 volume={12},
 pages={2825--2830},
 year={2011}
}

@article{long_2017_how,
    author = {Long, Ying AND Liu, Liu},
    journal = {PLOS ONE},
    publisher = {Public Library of Science},
    title = {How green are the streets? An analysis for central areas of {Chinese} cities using {Tencent} Street View},
    year = {2017},
    month = {02},
    volume = {12},
    url = {https://doi.org/10.1371/journal.pone.0171110},
    pages = {1-18},
    number = {2},
    doi = {10.1371/journal.pone.0171110}
}

@article{liu_2015_understanding,
	title = "Understanding urban {China} with open data",
	journal = "Cities",
	volume = "47",
	number = "",
	pages = "53 - 61",
	year = "2015",
	issn = "0264-2751",
	doi = "http://dx.doi.org/10.1016/j.cities.2015.03.006",
	url = "http://www.sciencedirect.com/science/article/pii/S0264275115000372",
	author = "Xingjian Liu and Yan Song and Kang Wu and Jianghao Wang and Dong Li and Ying Long",
}

@article{gratzl2013lineup,
	title={Lineup: Visual analysis of multi-attribute rankings},
	author={Gratzl, Samuel and Lex, Alexander and Gehlenborg, Nils and Pfister, Hanspeter and Streit, Marc},
	journal={IEEE Trans. Vis. Comput. Graph.},
	volume={19},
	number={12},
	pages={2277--2286},
	year={2013},
	publisher={IEEE}
}

@article{chen_2014_visual,
   author = {Chen, H. and Chen, W. and Mei, H. and Liu, Z. and Zhou, K. and Chen, W. and Gu, W. and Ma, K.-L.},
   title = {Visual Abstraction and Exploration of Multi-class Scatterplots},
   journal = {IEEE Trans. Vis. Comput. Graph.},
   volume = {20},
   number = {12},
   pages = {1683-1692},
   ISSN = {1077-2626},
   DOI = {10.1109/TVCG.2014.2346594},
   year = {2014},
   type = {Journal Article}
}